


@book{McGuffie_2005,
   title = "A climate modelling primer",
   author = "McGuffie, Kendal and Henderson-Sellers, Ann",
   address = "Hoboken, NJ [u.a.]",
   publisher = "Wiley",
   year = "2005",
   edition = "3. ed.",
}

﻿@article {Caldeira_1992,
   author = "Caldeira, Ken and Kasting, James F.",
   title = "Susceptibility of the early Earth to irreversible glaciation caused by carbon dioxide clouds",
   journal = "Nature",
   volume = "359",
   pages = "226--228",
   year = "1992",
}

﻿@article {Berger_1978,
   author = "Berger, A.",
   title = "Long-term variations of daily insolation and Quaternary climatic changes",
   journal = "Journal of Atmospheric Science",
   volume = "35(12)",
   pages = "2362-2367",
   year = "1978",
}

﻿@article {Berger_1991,
   author = "Berger, A. and Loutre, M. F.",
   title = "Insolation values for the climate of the last 10 million years",
   journal = "Quaternary Science Reviews",
   volume = "10(4)",
   pages = "297-317",
   year = "1991",
}


﻿@article {Budyko_1969,
   author = "Budyko, M. I.",
   title = "The effect of solar radiation variations on the climate of the Earth",
   journal = "Tellus",
   volume = "21",
   number = "5",
   pages = "611--619",
   year = "1969",
}

﻿@article {Laskar_2004,
   author = "Laskar, J. and P. Robutel and F. Joutel and M. Gastineau and A. C. M. Correia and B. Levrard.",
   title = "A long-term numerical solution for the insolation quantities of the Earth",
   journal = "Astronomy & Astrophysics",
   volume = "428",
   pages = "261--285",
   year = "2004",
}




