@article{lindsay_2004,
title = "From Maxwell's equations to the cable equation and beyond ",
journal = "Progress in Biophysics and Molecular Biology ",
volume = "85",
number = "1",
pages = "71 - 116",
year = "2004",
note = "",
issn = "0079-6107",
doi = "http://dx.doi.org/10.1016/j.pbiomolbio.2003.08.001",
url = "http://www.sciencedirect.com/science/article/pii/S0079610703000786",
author = "K.A. Lindsay and J.R. Rosenberg and G. Tucker",
keywords = "Maxwell's equations",
keywords = "Cable equation",
keywords = "Finite elements",
keywords = "Neuronal models",
keywords = "Tapered dendrites",
keywords = "Regular perturbation expansions "
}

